@article{hellman1980cryptanalytic,
  title={A cryptanalytic time-memory trade-off},
  author={Hellman, Martin},
  journal={IEEE transactions on Information Theory},
  volume={26},
  number={4},
  pages={401--406},
  year={1980},
  publisher={IEEE}
}

@inproceedings{oechslin2003making,
	title={Making a faster cryptanalytic time-memory trade-off},
	author={Oechslin, Philippe},
	booktitle={Annual International Cryptology Conference},
	pages={617--630},
	year={2003},
	organization={Springer}
}

@misc{ wiki:cryptoHash,
	author = "{Wikipedia contributors}",
	title = "Cryptographic hash function --- {Wikipedia}{,} The Free Encyclopedia",
	year = "2019",
	howpublished = "\url{https://en.wikipedia.org/w/index.php?title=Cryptographic_hash_function&oldid=892749881}",
	note = "[Online; accessed 25-April-2019]"
}